@misc{cth2019,
  title = {Statement on Role of Audit Committees in Financial Reporting and Key Reminders Regarding Oversight Responsibilities},
  author = {Jay Clayton and Sagar Teotia and William H. Hinman},
  year = {2019},
  howpublished = {\url{https://www.sec.gov/news/public-statement/statement-role-audit-committees-financial-reporting}},
  note = {Accessed on April 24, 2023},
}

@article{lennox2000,
  author = {Clive Lennox},
  title = {Do companies successfully engage in opinion-shopping? Evidence from the UK},
  journal = {Journal of Accounting and Economics},
  volume = {29},
  number = {3},
  pages = {321--337},
  year = {2000}
},

@article{hm2008,
  author = {Jacqueline S. Hammersley and Linda A. Myers},
  title = {Market reactions to the disclosure of internal control weaknesses and to the characteristics of those weaknesses under section 302 of the Sarbanes Oxley Act of 2002},
  journal = {Review of Accounting Studies},
  volume = {13},
  pages = {141--165},
  year = {2008}
},

@article{gm2005,
  author = {Weili Ge and Sarah McVay},
  title = {The Disclosure of Material Weakness in Internal Control after Sarbanes-Oxley Act},
  journal = {Accounting Horizons},
  volume = {19},
  pages = {137--158},
  year = {2005}
},

@article{npww2016,
  author = {Nathan J. Newton and Julie S. Persellin and Dechun Wang and Michael S. Wilkins},
  title = {Internal Control Opinion Shopping and Audit Market Competition},
  journal = {The Accounting Review},
  volume = {91},
  pages = {603--623},
  year = {2016}
},

@article{aep2021,
  author = {Keval Amin and Dan Eshleman and Peng Guo},
  title = {Investor Sentiment and Audit Opinion Shopping},
  journal = {AUDITING: A Journal of Practice and Theory},
  volume = {40},
  pages = {1--26},
  year = {2021}
},

@article{dgm2007,
  author = {Jeffrey Doyle and Weili Ge and Sarah McVay},
  title = {Determinants of weaknesses in internal control over financial reporting},
  journal = {Journal of Accounting and Economics},
  volume = {44},
  pages = {193--223},
  year = {2007}
}
